<?xml version="1.0" encoding="UTF-8"?><collection xmlns="http://www.loc.gov/MARC21/slim"><record><leader>00415nam--2200121-i-4500</leader><controlfield tag="001">000011298</controlfield><controlfield tag="002">20161230</controlfield><controlfield tag="005">20161230201029</controlfield><controlfield tag="008">060222s1000------------r-----000-0-eng-d</controlfield><datafield ind1=" " ind2=" " tag="100"><subfield code="a">Caty, G. /S.A.</subfield></datafield><datafield ind1=" " ind2=" " tag="245"><subfield code="a">Le systeme de la recherche. etude comparative de l`organisation et du financement de la rech erche fondamentale. belgique, norvege, pays-bas, suede, suisse</subfield></datafield><datafield ind1=" " ind2=" " tag="260"><subfield code="a">Paris, Ocde, 1973. 212 P</subfield></datafield><datafield ind1=" " ind2=" " tag="852"><subfield code="a">41944</subfield></datafield></record></collection>